@ARTICLE{1.1.whitematter,
  author = {D. R. Fields},
  title = {White Matter Matters},
  journal = {Scientific American},
  volume= {298},
  year = {2008},
  pages= {54-61},
  notes={doi:10.1038/scientificamerican0308-54}
}

@ARTICLE{1.1.history,
  author = {J. Schmahmann and Pandya, D.},
  title = {Cerebral White Matter — Historical Evolution of Facts and Notions Concerning the Organization of the Fiber Pathways of the Brain},
  journal = {Journal of the History of the Neurosciences},
  volume= {16},
  number={3},
  year = {2007},
  pages={237-267},
  notes={doi:10.1080/09647040500495896}
}

@ARTICLE{1.1.smallWorld,
  author = {O. Sporns and Chialvo, D.R. and Kaiser, M. and Hilgetag, C.C.},
  title = {Organization, development and function of complex brain networks},
  journal = {Trends Cogn Sci.},
  volume= {8},
  number={9},
  year = {2004},
  pages={418-425},
  notes={doi:10.1016/j.tics.2004.07.008}
}

@article{1.1.pathways,
  title={The language network.},
  author={Friederici, Angela D and Gierhan, Sarah M},
  journal={Current opinion in neurobiology},
  volume={23},
  number={2},
  pages={250-254},
  year={2013},
  doi={10.1016/j.conb.2012.10.002},
  url={http://dx.doi.org/10.1016/j.conb.2012.10.002}
}

@article{1.1.Gierhan,
  title={Connections for auditory language in the human brain.},
  author={Gierhan, Sarah M},
  journal={Brain and language},
  volume={127},
  number={2},
  pages={205-221},
  year={2013},
  doi={10.1016/j.bandl.2012.11.002},
  url={http://dx.doi.org/10.1016/j.bandl.2012.11.002}
}

@INBOOK{1.1.fiberstats,
  author = {Schuz, A. and Braitenberg, V.},
  title = {The human cortical white matter: Quantitative aspects of cortico-cortical long-range connectivity},
  booktitle = {Cortical Areas: Unity and Diversity, Conceptual Advances in Brain Research},
  publisher = {Taylor and Francis London},
  year = {2002},
  pages= {377–386},
  isbn={978-0-415-27723-5}
}

@ARTICLE{1.1.firstDiffusion,
  author = {Bihan, D. Le. and Breton, E. and Lallemand, D. and Grenier, P. and Cabanis, E. and Laval-Jeantet, M.},
  title = {MR imaging of intravoxel incoherent motions: application to diffusion and perfusion in neurologic disorders.},
  journal = {Radiology},
  volume = {161},
  number = {2},
  pages = {401-407},
  year = {1986},
  notes = {doi: 10.1148/radiology.161.2.3763909},
}

@ARTICLE{1.1.tracts.lesions,
  author = {Galantucci, S. and Tartaglia, M.C. and Wilson, S.M. and Henry, M.L. and Filippi, M. and
Agosta, F. and Dronkers, N. and Henry, R.G. and Ogar, J.M. and Miller, B.L. and Gorno--Tempini, M.L.},
  title = {White matter damage in primary progressive aphasias: a diffusion tensor tractography study},
  journal = {Brain},
  volume= {134},
  year = {2011},
  pages= {3011-3029}
}

@ARTICLE{1.1.tracts.interference.a,
  author = {Hamer, P.C.D.W. and Moritz-Gasser, S. and Gatignol, P. and Duffau, H.},
  title = {Is the human left middle longitudinal fascicle essential for language? A brain electrostimulation study},
  journal = {Hum. Brain. Mapp.},
  volume= {32},
  year = {2011},
  pages= {962-973}
}

@ARTICLE{1.1.tracts.interference.b,
  author = {Duffau, H. and Gatignol, P. and Mandonnet, E. and Peruzzi, P. and Tzourio--Mazoyer, N. and Capelle, L.},
  title = {New insights into the anatomo--functional connectivity of the semantic system: a study using cortico-subcortical electrostimulations},
  journal = {Brain},
  volume= {128},
  year = {2005},
  pages= {797-810}
}

@ARTICLE{1.1.D1a,
  author = {Friederici, A.D.},
  title = {The cortical language circuit: from auditory perception to sentence comprehension},
  journal = {Trends. Cogn. Sci.},
  volume= {16},
  year = {2012},
  pages= {262-268}
}

@ARTICLE{1.1.D1b,
  author = {Saur, D. and Kreher, B.W. and Schnell, S. and Ku"mmerer, D. and Kellmeyer, P. and Vry, M.S. and
Umarova, R.M. and Musso, M. and Glauche, V. and Abel, S. and Huber, W. and Rijntjes, M. and Hennig, J. and Weillera, C.},
  title = {Ventral and dorsal pathways for language},
  journal = {Proc. Natl. Acad. Sci.},
  volume= {105},
  adress={USA},
  year = {2008},
  pages= {18035-18040}
}

@ARTICLE{1.1.causality,
  author = {Meyer, L. and Cunitz, K,. and Obleser, J. and Friederici, A.D.},
  title = {Sentence processing and verbal working memory in a white-matter-disconnection patient},
  journal = {Neuropsychologia},
  volume= {61},
  year = {2014},
  pages= {190-196},
  notes={http://www.sciencedirect.com/science/article/pii/S002839321400195X }
}