@article{1.3.Bornkessel,
  title={Who did what to whom? The neural basis of argument hierarchies during language comprehension},
  author={Bornkessel, I. and Zysset, S. and Friederici, A. and Cramon, D. and Schlesewsky, M.},
  journal={{NeuroImage}},
  volume={26},
  number={1},
  year={2005},
  doi={10.1016/j.neuroimage.2005.01.032},
  url={http://dx.doi.org/10.1016/j.neuroimage.2005.01.032}
}

@article{1.3.Constable,
  title={Sentence complexity and input modality effects in sentence comprehension: an {fMRI} study},
  author={R Todd Constable and Kenneth R Pugh and Ella Berroya and W Einar Mencl and Michael Westerveld and Weijia Ni and Donald Shankweiler},
  journal={{NeuroImage}},
  volume={22},
  number={1},
  year={2004},
  doi={10.1016/j.neuroimage.2004.01.001},
  url={http://dx.doi.org/10.1016/j.neuroimage.2004.01.001}
}

