@ARTICLE{1.5.SNR,
  author = {P. Volegov and Matlachov, A. and Mosher, J. and Espy, M. and Kraus, R.},
  title = {Noise-free magnetoencephalography recordings of brain function},
  journal = {Physics in Medicine and Biology},
  volume= {49},
  number={10},
  year = {2004},
  pages={2117–2128},
  notes={doi:10.1088/0031-9155/49/10/020}
  }

@ARTICLE{1.5.MEG.a,
  author = {M. H"am"al"ainen and Hari, R. and Ilmoniemi, R.J. and Knuutila, J. and Lounasmaa, O.V.},
  title = {Magnetoencephalography - theory, instrumentation, and applications to noninvasive studies of the working human brain},
  journal = {Rev. Mod. Phys.},
  volume = {65},
  year = {1993},
  pages= {413-497}
}


@ARTICLE{1.5.MEG.b,
  author = {S. Baillet and Mosher, J. C. and Leahy, R. M.},
  title = {Electromagnetic brain mapping},
  journal = {IEEE Signal Processing Magazine},
  volume= {18},
  year = {2001},
  pages={14-30}
}


@ARTICLE{1.5.MEG.c,
  author = {J. Vrba and Robinson, S. E.},
  title = {Signal processing in magnetoencephalography},
  journal = {Methods},
  volume= {25},
  year = {2001},
  pages={249-271}
}

@ARTICLE{1.5.tissues.a,
  author = {L. Geddes and Baker, L.},
  title = {The specific resistance of biological material. A compendium of data for the biomedical engineer and physiologist},
  journal = {Med. Biol. Eng.},
  volume= {5},
  year = {1967},
  pages={271 – 293}
}

@BOOK{1.5.tissues.b,
  author = {J. Haueisen},
  title = {Methods of numerical field calculation for neuromagnetic source localization. PhD thesis},
  publisher = {Shaker-Verlag Aachen},
  year = {1996},
  isbn={3-8265-1691-5}
}


@ARTICLE{1.5.music,
  author = {J. Mosher and Leahy, R.},
  title = {Recursive MUSIC: A framework for EEG and MEG source localization},
  journal = {IEEE Transactions on Biomedical Engineering},
  volume= {45},
  number={11},
  year = {1998},
  pages={1342-1354},
  notes={doi:10.1109/10.725331}
}


@ARTICLE{1.5.simplex,
  author = {M. Huang and Aine, C. and Supek, S. and Best, E. and Ranken, D. and Flynn, E.},
  title = {Multi-start downhill simplex method for spatio-temporal source localization in magnetoencephalography},
  journal = {Electroencephalography and clinical neurophysiology},
  volume= {108},
  number={1},
  year = {1998},
  pages={32-44},
  notes={doi:10.1016/S0168-5597(97)00091-9}
}


@INCOLLECTION{1.5.focal.a,
  author = {H.G. Vaughan, Jr.},
  title = {The analysis of scalp-recorded brain potentials.},
  booktitle = {Bioelectric Recording Techniques},
  editors= {Thompson, R.F. and Patterson, M.M.},
  publisher={Academic Press, New York},
  year = {1974},
  pages={158–207},
  notes={Part B.}
}


@ARTICLE{1.5.focal.b,
  author = {M. Scherg and von Cramon, D.},
  title = {Two bilateral sources of the late AEP as identified by a spatio-temporal dipole model},
  journal = {Electroenc. Clin. Neurophysiol.},
  volume= {62},
  year = {1985},
  pages={32–44}
}


@ARTICLE{1.5.focal.c,
  author = {J.C. Mosher and Lewis, P.S. and Leahy, R.M.},
  title = {Multiple dipole modeling and localization from spatio-temporal MEG data},
  journal = {IEEE Trans. Biomed. Eng.},
  volume= {39},
  number={6},
  year = {1992},
  pages={541–557}
}


@ARTICLE{1.5.focal.d,
  author = {C.H. Wolters and Beckmann, R.F. and Rienäcker, A. and Buchner,  H.},
  title = {Comparing regularized and non-regularized nonlinear dipole fit methods: A study in a simulated sulcus structure},
  journal = {Brain Top.},
  volume= {12},
  number={1},
  year = {1999},
  pages= {3-18}
}


@TECHREPORT{1.5.L2,
  author = {M. H"am"al"ainen and Ilmoniemi, R.J.},
  title = {Interpreting measured magnetic fields of the brain: Estimates of current distributions},
  institution = {Helsinki University of Technology},
  year = {1984},
  type = {Techn. Report TKK-F-A559}
}

@INPROCEEDINGS{1.5.L1,
  author = {M. Wagner and Fuchs, M. and Wischmann, H.-A. and Drenckhahn, R. and K"ohler, Th.},
  title = {Current density reconstructions using the L1-norm},
  booktitle = {Proc. of the 10th Int.Conf.of Biomagnetism},
  organization= {Biomag96},
  address = {Santa Fe},
  year = {1996},
  pages={158–207}
}

@ARTICLE{1.5.highpass,
  author = {M. Tervaniemi and Kujala, A. and Alho, K. and Virtanen, J. and Ilmoniemi, R.J. and N"a"at"anen, R.},
  title = {Functional specialization of the human auditory cortex in processing phonetic and musical sounds: a Magnetoencephalographic (MEG) study},
  journal = {NeuroImage},
  volume= {9},
  year = {1999},
  pages={330 – 336}
}

@incollection{1.5.information,
  author = {N. Wiener},
  title = {The theory of prediction},
  booktitle = {Modern Mathematics for the Engineer},
  editor = {E.F. Beckmann},
  publisher={McGraw-Hill, New York},
  year = {1956}
}

@ARTICLE{1.5.dSPM,
  author = {A.M. Dale and Liu, A.K. and Fischl, B.R. and Buckner, R.L. and Belliveau, J.W. and Lewine, J.D.},
  title = {Dynamic statistical parametric mapping: combining fMRI and MEG for high-resolution imaging of cortical activity},
  journal = {Neuron},
  volume= {26},
  number={1},
  year = {2000},
  pages={55–67}
}

@ARTICLE{1.5.MNE,
  author = {M. H"am"al"ainen and Ilmoniemi, R.J.},
  title = {Interpreting magnetic fields of the brain: minimum norm estimates},
  journal = {Med. Biol. Eng. Comput.},
  volume= {32},
  year = {1994},
  pages={35-42}
}

@ARTICLE{1.5.sLORETA,
  author = {R.D. Pascual-Marqui},
  title = {Standardized low-resolution brain electromagnetic tomography (sLORETA): technical details},
  journal = {Methods Find. Exp. Clin. Pharmacol.},
  volume= {24},
  year = {2002},
  pages={5-12},
  notes={Suppl. D}
}

@ARTICLE{1.5.Granger,
  author = {C.W.J. Granger},
  title = {Investigating causal relations by econometric models and cross-spectral methods},
  journal = {Econometrica},
  volume= {37},
  year = {1969},
  pages={424-438}
}

@INBOOK{1.5.SEM,
  author = {F. Darvas and Leahy, R.M.},
  title = {Functional Imaging of Brain Activity and Connectivity with MEG},
  booktitle = {Handbook of Brain Connectivity},
  edition= {1st Edition},
  publisher={Springer, New York},
  year = {1999},
  pages={201-220}
}

@ARTICLE{1.5.DCM,
  author = {O. David and Kiebel, S.J. and Harrison, L.M. and Mattout, J. and Kilner, J.M. and Friston, K.J.},
  title = {Dynamic Causal Modeling of Evoked Responses in EEG and MEG},
  journal = {Neuroimage},
  volume= {3},
  number={4},
  year = {2006},
  pages={1255-1272},
  notes={http://dx.doi.org/10.1016/j.neuroimage.2005.10.045}
}

@ARTICLE{1.5.connectivity,
  author = {V. Sakkalis},
  title = {Review of advanced techniques for the estimation of brain connectivity measured with EEG/MEG},
  journal = {Computers in biology and medicine},
  volume= { 41},
  number={12},
  year = {2011},
  pages={1110–1117},
  notes={doi:10.1016/j.compbiomed.2011.06.020}
}

@ARTICLE{1.5.PDC,
  author = {B. Schelter and Timmer, J. and Eichler, M.},
  title = {Assessing the Strength of Directed Influences Among Neural Signals Using Renormalized Partial Directed Coherence},
  journal = {J Neurosci Methods},
  volume= {179},
  number={1},
  year = {2009},
  pages={121-130},
  notes={http://dx.doi.org/10.1016/j.jneumeth.2009.01.006}
}

@INPROCEEDINGS{1.5.gPDC,
  author = {L.A. Baccala and Takahashi, D.Y. and Sameshima, K.},
  title = {Generalized Partial Directed Coherence},
  booktitle = {Proceedings of the 15th International Conference on Digital Signal Processing},
  adress= {Cardiff},
  publisher={IEEE},
  year = {2007},
  pages={163-166},
  notes={http://dx.doi.org/10.1109/ICDSP.2007.4288544}
}

@ARTICLE{1.5.TEcomparison,
  author = {M. Garofalo and Nieus, T. and Massobrio, P. and Martinoia S.},
  title = {Evaluation of the Performance of Information Theory-Based Methods and Cross-Correlation to Estimate the Functional Connectivity in Cortical Networks},
  journal = {PLoS ONE},
  volume= {4},
  number={8},
  year = {2009},
  notes={http://dx.doi.org/10.1371/journal.pone.0006482}
}

@ARTICLE{1.5.Kriegeskorte,
  author = {Kriegeskorte, N. and Bandettini, P. A.},
  title = {Analyzing for information, not activation, to exploit high-resolution fMRI},
  journal = {NeuroImage},
  volume= {38},
  year = {2007},
  pages={649-662}
}

@ARTICLE{1.5.Beamformer-a,
  author = {B.D. {Van Veen} and Van Drongelen,W. and Yuchtman, M. and Suzuki, A.},
  title = {Localization of brain electrical activity via linearly constrained minimum variance spatial filtering},
  journal = {Biomedical Engineering, IEEE Transactions},
  volume= {44},
  number={9},
  year = {1997},
  pages={867-880}
}

@ARTICLE{1.5.Beamformer-b,
  author = {R.B. Barnes and Hillebrand, A.},
  title = {The use of anatomical constraints with MEG beamformers},
  journal = {Neuroimage},
  volume= {20},
  year = {2003},
  pages={2303-2313}
}

@BOOK{1.5.synchronicity,
  editors = {E.R. Kandel and Schwartz, J.H. and Jessell, T.},
  title = {Principles of Neural Science},
  publisher = {Mcgraw-Hill, New-York},
  edition= {4th},
  year = {2000},
  isbn= {978-0838577011}
}

@ARTICLE{1.5.causality,
  author = {Lizier J.T. and Prokopenko M.},
  title = {Differentiating information transfer and causal effect},
  journal = {Eur. Phys. J. B.},
  volume= {73},
  year = {2010},
  pages= {605-615}
}

@article{1.5.sensitivity,
  Author = {A. Hillebrand and G.R. Barnes},
  Doi = {http://dx.doi.org/10.1006/nimg.2002.1102},
  Issn = {1053-8119},
  Journal = {NeuroImage},
  Keywords = {cortical patch},
  Number = {3, Part A},
  Pages = {638 - 650},
  Title = {A Quantitative Assessment of the Sensitivity of Whole-Head \{MEG\} to Activity in the Adult Human Cortex},
  Url = {http://www.sciencedirect.com/science/article/pii/S105381190291102X},
  Volume = {16},
  Year = {2002},
}

@article{1.5.ecg.a,
  title={A dynamical model for generating synthetic electrocardiogram signals},
  author={McSharry, Patrick E. and Clifford, Gari D. and Tarassenko, Lionel and Smith, Leonard A.},
  journal={{IEEE} Transactions on Biomedical Engineering},
  volume={50},
  number={3},
  pages={289-294},
  year={2003},
  doi={10.1109/TBME.2003.808805},
  url={http://dx.doi.org/10.1109/TBME.2003.808805}
}

@article{1.5.ecg.b,
  title={Power spectrum analysis of heart rate variability in human cardiac transplant recipients.},
  author={Sands, {KE} and Appel, {ML} and Lilly, {LS} and Schoen, {FJ} and Mudge, {GH}},
  journal={Circulation},
  year={1989},
  number={79},
  pages={76-82},
  doi={10.1161/01.CIR.79.1.76},
  url={http://dx.doi.org/10.1161/01.CIR.79.1.76}
}

@book{1.5.magneticProperties,
  title={Introduction to Magnetic Materials, 2nd edition},
  author={Cullity, B. D. and Graham, C. D.},
  year={2008}
}