
@PHDTHESIS{2.1,
  author = {M.A. Skeide},
  title = {Syntax and semantics networks in the developing brain. PhD Thesis},
  school = {Max Planck Institute for Human Cognitive and Brain Sciences},
  adress= {Leipzig},
  year = {2012}
}

@ARTICLE{2.3,
  author = {E. Kidd and Brandt, S. and Lieven, E. and Tomasello, M.},
  title = {Object relatives made easy: A cross-linguistic comparison of the constraints influencing young children's processing of relative clauses},
  journal = {Language and Cognitive Processes},
  volume= {22},
  number={6},
  year = {2007},
  pages={860-897},
  notes={DOI: 10.1080/01690960601155284}
}

@ARTICLE{2.3,
  author = {L. Corr\^{e}a},
  title = {An alternative assessment of children’s comprehension of relative clauses},
  journal = {Journal of Psycholinguistic Research},
  volume= {24},
  number={3},
  year = {1995},
  pages={183-203},
  notes={doi:10.1007/BF02145355}
}

@ARTICLE{2.4,
  author = {A. Weighall and Altmann, G.},
  title = {The role of working memory and contextual constraints in children’s processing of relative clauses},
  journal = {Journal of child language},
  volume= {38},
  number={3},
  year = {2011},
  pages={579-605},
  notes={doi:10.1017/s0305000910000267}
}


