@article{3.1.animals,
  title={Brain responses to case-marking violations in German preschool children.},
  author={Schipke, Christine S and Friederici, Angela D and Oberecker, Regine},
  journal={Neuroreport},
  volume={22},
  number={16},
  pages={850-854},
  year={2011},
  doi={10.1097/WNR.0b013e32834c1578},
}

@article{3.1.LQ,
  title={The assessment and analysis of handedness: the Edinburgh inventory},
  author={Oldfield, Richard C},
  journal={Neuropsychologia},
  volume={9},
  number={1},
  pages={97-113},
  year={1971},
  publisher={Elsevier}
}

@article{3.2.mprage,
  title={Rapid three-dimensional T1-weighted {MR} imaging with the {MP-RAGE} sequence},
  author={John P. Mugler and James R. Brookeman},
  journal={Journal of Magnetic Resonance Imaging},
  volume={1},
  number={5},
  pages={561-567},
  year={1991},
  doi={10.1002/jmri.1880010509},
}

@article{3.2.space,
  title={Magnetic Resonance Imaging of the Body Trunk Using a {Single-Slab,} {3-Dimensional,} T2-weighted {Turbo-Spin-Echo} Sequence With High Sampling Efficiency {(SPACE)} for High Spatial Resolution Imaging: Initial Clinical Experiences},
  author={Lichy, Matthias Philipp and Wietek, Beate M and Mugler, John P {III} and Horger, Wilhelm and Menzel, Marion Irene and Anastasiadis, Aristotelis and Siegmann, Katja and Niemeyer, Thomas and K\{"}{o}nigsrainer, Arnulf and Kiefer, Berthold and Schick, Fritz and Claussen, Claus D and Schlemmer, {Heinz-Peter}},
  journal={Investigative Radiology},
  volume={40},
  number={12},
  year={2005},
  doi={10.1097/01.rli.0000185880.92346.9e}
}

@article{3.3.nuintensity,
  title={Improvement of brain segmentation accuracy by optimizing non-uniformity correction using N3.},
  author={Zheng, Weili and Chee, Michael and Zagorodnov, Vitali},
  journal={Neuroimage},
  volume={48},
  number={1},
  year={2009},
  doi={10.1016/j.neuroimage.2009.06.039},
}

@article{3.3.MNE,
  title={{MNE} software for processing {MEG} and {EEG} data},
  author={Gramfort, Alexandre and Luessi, Martin and Larson, Eric and Engemann, Denis A and Strohmeier, Daniel and Brodbeck, Christian and Parkkonen, Lauri and H\"am\"al\"ainen, Matti S},
  journal={NeuroImage},
  volume={86},
  year={2013},
  doi={doi:10.1016/j.neuroimage.2013.10.027},
}

@article{3.3.MNEpython,
  title={{MEG} and {EEG} data analysis with {MNE-Python}},
  author={Gramfort, Alexandre and Luessi, Martin and Larson, Eric and Engemann, Denis and Strohmeier, Daniel and Brodbeck, Christian and Goj, Roman and Jas, Mainak and Brooks, Teon and Parkkonen, Lauri and H\"am\"al\"ainen, Matti},
  volume={7},
  journal={Frontiers in Neuroscience},
  year={2013},
  doi={10.3389/fnins.2013.00267},
}

@article{3.3.clustertest,
  title={Nonparametric statistical testing of {EEG-} and {MEG-data}},
  author={Maris, Eric and Oostenveld, Robert},
  journal={Journal of Neuroscience Methods},
  volume={164},
  number={1},
  year={2007},
  doi={10.1016/j.jneumeth.2007.03.024},
}

@article{3.3.levtest,
  title={Levene's test for relative variation},
  author={Schultz, Brian B},
  journal={Systematic Biology},
  volume={34},
  number={4},
  year={1985},
  doi={10.1093/sysbio/34.4.449},
}

@article{3.3.SSS,
  title={Suppression of interference and artifacts by the signal space separation method},
  author={Taulu, Samu and Kajola, Matti and Simola, Juha},
  journal={Brain Topography},
  volume={16},
  number={4},
  year={2004},
  doi={10.1023/B:BRAT.0000032864.93890.f9},
}

@article{3.3.swtest,
  title={An analysis of variance test for normality (complete samples)},
  author={Shapiro, {SS} and Wilk, {MB}},
  volume={52},
  number={3/4},
  journal={Biometrika},
  year={1965}
}

@misc{3.3.TrentoolTutorial,
  title={TRENTOOL 3.3.1 beta - User Documentation},
  author={Wollstadt, P. and Lindner, M. and Vicente, R. and Wibral, M. and Pampu, N. and Martinez-Zarzuela, M.},
  year = {2015},
  howpublished = "\url{https://github.com/trentool/TRENTOOL3/blob/manual/TRENTOOL_doc.pdf}"
}

@article{3.4.TE.a,
  title={Measuring information transfer},
  author={Schreiber},
  journal={Physical review letters},
  volume={85},
  number={2},
  pages={461-464},
  year={2000},
}

@article{3.4.TE.b,
  title={Transfer entropy - a model-free measure of effective connectivity for the neurosciences},
  author={Vicente, R. and Wibral, M. and Linder, M. and Pipa, G.},
  year={2011},
  journal={Journal Computational Neuroscience},
  volume={30},
  number={1},
  pages={45-67}
}

@article{3.4.Trentool,
  title={TRENTOOL: a Matlab open source toolbox to analyse information flow in time series data with transfer entropy.},
  author={Lindner, M. and Vicente, R. and Priesemann, V. and Wibral, M.},
  year={2011},
  journal={BMC Neuroscience},
  volume={12},
  pages={119ff}
}

@article{3.4.gpuTE,
  title={Efficient transfer entropy analysis of non-stationary neural time series},
  author={Wollstadt, P and {Mart\'{i}nez-Zarzuela,} M and Vicente, R},
  year={2014},
  doi={10.1371/journal.pone.0102833},
  journal={Plos One},
  volume={9},
  number={7},
}

@article{3.4.binomialtest,
  author = {R., Manolov and Solanas, A.},
  year = {2012},
  title = {Assigning and combining probabilities in single-case studies},
  journal = {Psychological Methods},
  volume = {17},
  pages = {495-509}
}

@misc{3.4.binomialtest.implementation,
  author = {Nelson, Matthew},
  title = {myBinomTest, MATLAB Central File Exchange},
  year = {2015},
  howpublished = "\url{http://www.mathworks.com/matlabcentral/fileexchange/24813-mybinomtest-s-n-p-sided-}"
}

@article{3.4.FDR.a,
  author = {Benjamini, Y. and Hochberg, Y.},
  year = {1995},
  title = {Controlling the false discovery rate: A practical and powerful approach to multiple testing},
  journal = {Journal of the Royal Statistical Society, Series B (Methodological)},
  volume = {57},
  number = {1},
  pages = {289-300}
}

@article{3.4.FDR.b,
  author = {Benjamini, Y. and Yekutieli, D.},
  year = {2001},
  title = {The control of the false discovery rate in multiple testing under dependency},
  journal = {The Annals of Statistics},
  doi = {10.1214/aos/1013699998},
  volume = {29},
  number = {4},
  pages = {1165-1188}
}

@misc{3.4.FDR.implementation,
  author = {Groppe, David},
  title = {{Mass Univariate ERP Toolbox, MATLAB Central File Exchange}},
  year = {2015},
  howpublished = "\url{http://www.mathworks.com/matlabcentral/fileexchange/29274-mass-univariate-erp-toolbox/content/fdr_bh.m}"
}