
@ARTICLE{1.1.whitematter,
  author = {D. R. Fields},
  title = {White Matter Matters},
  journal = {Scientific American},
  volume= {298},
  year = {2008},
  pages= {54-61},
  notes={doi:10.1038/scientificamerican0308-54}
}

@ARTICLE{1.1.history,
  author = {J. Schmahmann and Pandya, D.},
  title = {Cerebral White Matter — Historical Evolution of Facts and Notions Concerning the Organization of the Fiber Pathways of the Brain},
  journal = {Journal of the History of the Neurosciences},
  volume= {16},
  number={3},
  year = {2007},
  pages={237-267},
  notes={doi:10.1080/09647040500495896}
}

@ARTICLE{1.1.smallWorld,
  author = {O. Sporns and Chialvo, D.R. and Kaiser, M. and Hilgetag, C.C.},
  title = {Organization, development and function of complex brain networks},
  journal = {Trends Cogn Sci.},
  volume= {8},
  number={9},
  year = {2004},
  pages={418-425},
  notes={doi:10.1016/j.tics.2004.07.008}
}

@article{1.1.pathways,
  title={The language network.},
  author={Friederici, Angela D and Gierhan, Sarah M},
  journal={Current opinion in neurobiology},
  volume={23},
  number={2},
  pages={250-254},
  year={2013},
  doi={10.1016/j.conb.2012.10.002},
  url={http://dx.doi.org/10.1016/j.conb.2012.10.002}
}

@article{1.1.Gierhan,
  title={Connections for auditory language in the human brain.},
  author={Gierhan, Sarah M},
  journal={Brain and language},
  volume={127},
  number={2},
  pages={205-221},
  year={2013},
  doi={10.1016/j.bandl.2012.11.002},
  url={http://dx.doi.org/10.1016/j.bandl.2012.11.002}
}

@INBOOK{1.1.fiberstats,
  author = {Schuz, A. and Braitenberg, V.},
  title = {The human cortical white matter: Quantitative aspects of cortico-cortical long-range connectivity},
  booktitle = {Cortical Areas: Unity and Diversity, Conceptual Advances in Brain Research},
  publisher = {Taylor and Francis London},
  year = {2002},
  pages= {377–386},
  isbn={978-0-415-27723-5}
}

@ARTICLE{1.1.firstDiffusion,
  author = {Bihan, D. Le. and Breton, E. and Lallemand, D. and Grenier, P. and Cabanis, E. and Laval-Jeantet, M.},
  title = {MR imaging of intravoxel incoherent motions: application to diffusion and perfusion in neurologic disorders.},
  journal = {Radiology},
  volume = {161},
  number = {2},
  pages = {401-407},
  year = {1986},
  notes = {doi: 10.1148/radiology.161.2.3763909},
}

@ARTICLE{1.1.tracts.lesions,
  author = {Galantucci, S. and Tartaglia, M.C. and Wilson, S.M. and Henry, M.L. and Filippi, M. and
Agosta, F. and Dronkers, N. and Henry, R.G. and Ogar, J.M. and Miller, B.L. and Gorno--Tempini, M.L.},
  title = {White matter damage in primary progressive aphasias: a diffusion tensor tractography study},
  journal = {Brain},
  volume= {134},
  year = {2011},
  pages= {3011-3029}
}

@ARTICLE{1.1.tracts.interference.a,
  author = {Hamer, P.C.D.W. and Moritz-Gasser, S. and Gatignol, P. and Duffau, H.},
  title = {Is the human left middle longitudinal fascicle essential for language? A brain electrostimulation study},
  journal = {Hum. Brain. Mapp.},
  volume= {32},
  year = {2011},
  pages= {962-973}
}

@ARTICLE{1.1.tracts.interference.b,
  author = {Duffau, H. and Gatignol, P. and Mandonnet, E. and Peruzzi, P. and Tzourio--Mazoyer, N. and Capelle, L.},
  title = {New insights into the anatomo--functional connectivity of the semantic system: a study using cortico-subcortical electrostimulations},
  journal = {Brain},
  volume= {128},
  year = {2005},
  pages= {797-810}
}

@ARTICLE{1.1.D1a,
  author = {Friederici, A.D.},
  title = {The cortical language circuit: from auditory perception to sentence comprehension},
  journal = {Trends. Cogn. Sci.},
  volume= {16},
  year = {2012},
  pages= {262-268}
}

@ARTICLE{1.1.D1b,
  author = {Saur, D. and Kreher, B.W. and Schnell, S. and Ku"mmerer, D. and Kellmeyer, P. and Vry, M.S. and
Umarova, R.M. and Musso, M. and Glauche, V. and Abel, S. and Huber, W. and Rijntjes, M. and Hennig, J. and Weillera, C.},
  title = {Ventral and dorsal pathways for language},
  journal = {Proc. Natl. Acad. Sci.},
  volume= {105},
  adress={USA},
  year = {2008},
  pages= {18035-18040}
}

@ARTICLE{1.1.causality,
  author = {Meyer, L. and Cunitz, K,. and Obleser, J. and Friederici, A.D.},
  title = {Sentence processing and verbal working memory in a white-matter-disconnection patient},
  journal = {Neuropsychologia},
  volume= {61},
  year = {2014},
  pages= {190-196},
  notes={http://www.sciencedirect.com/science/article/pii/S002839321400195X }
}@article{1.3.Bornkessel,
  title={Who did what to whom? The neural basis of argument hierarchies during language comprehension},
  author={Bornkessel, I. and Zysset, S. and Friederici, A. and Cramon, D. and Schlesewsky, M.},
  journal={{NeuroImage}},
  volume={26},
  number={1},
  year={2005},
  doi={10.1016/j.neuroimage.2005.01.032},
  url={http://dx.doi.org/10.1016/j.neuroimage.2005.01.032}
}

@article{1.3.Constable,
  title={Sentence complexity and input modality effects in sentence comprehension: an {fMRI} study},
  author={R Todd Constable and Kenneth R Pugh and Ella Berroya and W Einar Mencl and Michael Westerveld and Weijia Ni and Donald Shankweiler},
  journal={{NeuroImage}},
  volume={22},
  number={1},
  year={2004},
  doi={10.1016/j.neuroimage.2004.01.001},
  url={http://dx.doi.org/10.1016/j.neuroimage.2004.01.001}
}

@ARTICLE{1.5.SNR,
  author = {P. Volegov and Matlachov, A. and Mosher, J. and Espy, M. and Kraus, R.},
  title = {Noise-free magnetoencephalography recordings of brain function},
  journal = {Physics in Medicine and Biology},
  volume= {49},
  number={10},
  year = {2004},
  pages={2117–2128},
  notes={doi:10.1088/0031-9155/49/10/020}
  }

@ARTICLE{1.5.MEG.a,
  author = {M. H"am"al"ainen and Hari, R. and Ilmoniemi, R.J. and Knuutila, J. and Lounasmaa, O.V.},
  title = {Magnetoencephalography - theory, instrumentation, and applications to noninvasive studies of the working human brain},
  journal = {Rev. Mod. Phys.},
  volume = {65},
  year = {1993},
  pages= {413-497}
}


@ARTICLE{1.5.MEG.b,
  author = {S. Baillet and Mosher, J. C. and Leahy, R. M.},
  title = {Electromagnetic brain mapping},
  journal = {IEEE Signal Processing Magazine},
  volume= {18},
  year = {2001},
  pages={14-30}
}


@ARTICLE{1.5.MEG.c,
  author = {J. Vrba and Robinson, S. E.},
  title = {Signal processing in magnetoencephalography},
  journal = {Methods},
  volume= {25},
  year = {2001},
  pages={249-271}
}

@ARTICLE{1.5.tissues.a,
  author = {L. Geddes and Baker, L.},
  title = {The specific resistance of biological material. A compendium of data for the biomedical engineer and physiologist},
  journal = {Med. Biol. Eng.},
  volume= {5},
  year = {1967},
  pages={271 – 293}
}

@BOOK{1.5.tissues.b,
  author = {J. Haueisen},
  title = {Methods of numerical field calculation for neuromagnetic source localization. PhD thesis},
  publisher = {Shaker-Verlag Aachen},
  year = {1996},
  isbn={3-8265-1691-5}
}


@ARTICLE{1.5.music,
  author = {J. Mosher and Leahy, R.},
  title = {Recursive MUSIC: A framework for EEG and MEG source localization},
  journal = {IEEE Transactions on Biomedical Engineering},
  volume= {45},
  number={11},
  year = {1998},
  pages={1342-1354},
  notes={doi:10.1109/10.725331}
}


@ARTICLE{1.5.simplex,
  author = {M. Huang and Aine, C. and Supek, S. and Best, E. and Ranken, D. and Flynn, E.},
  title = {Multi-start downhill simplex method for spatio-temporal source localization in magnetoencephalography},
  journal = {Electroencephalography and clinical neurophysiology},
  volume= {108},
  number={1},
  year = {1998},
  pages={32-44},
  notes={doi:10.1016/S0168-5597(97)00091-9}
}


@INCOLLECTION{1.5.focal.a,
  author = {H.G. Vaughan, Jr.},
  title = {The analysis of scalp-recorded brain potentials.},
  booktitle = {Bioelectric Recording Techniques},
  editors= {Thompson, R.F. and Patterson, M.M.},
  publisher={Academic Press, New York},
  year = {1974},
  pages={158–207},
  notes={Part B.}
}


@ARTICLE{1.5.focal.b,
  author = {M. Scherg and von Cramon, D.},
  title = {Two bilateral sources of the late AEP as identified by a spatio-temporal dipole model},
  journal = {Electroenc. Clin. Neurophysiol.},
  volume= {62},
  year = {1985},
  pages={32–44}
}


@ARTICLE{1.5.focal.c,
  author = {J.C. Mosher and Lewis, P.S. and Leahy, R.M.},
  title = {Multiple dipole modeling and localization from spatio-temporal MEG data},
  journal = {IEEE Trans. Biomed. Eng.},
  volume= {39},
  number={6},
  year = {1992},
  pages={541–557}
}


@ARTICLE{1.5.focal.d,
  author = {C.H. Wolters and Beckmann, R.F. and Rienäcker, A. and Buchner,  H.},
  title = {Comparing regularized and non-regularized nonlinear dipole fit methods: A study in a simulated sulcus structure},
  journal = {Brain Top.},
  volume= {12},
  number={1},
  year = {1999},
  pages= {3-18}
}


@TECHREPORT{1.5.L2,
  author = {M. H"am"al"ainen and Ilmoniemi, R.J.},
  title = {Interpreting measured magnetic fields of the brain: Estimates of current distributions},
  institution = {Helsinki University of Technology},
  year = {1984},
  type = {Techn. Report TKK-F-A559}
}

@INPROCEEDINGS{1.5.L1,
  author = {M. Wagner and Fuchs, M. and Wischmann, H.-A. and Drenckhahn, R. and K"ohler, Th.},
  title = {Current density reconstructions using the L1-norm},
  booktitle = {Proc. of the 10th Int.Conf.of Biomagnetism},
  organization= {Biomag96},
  address = {Santa Fe},
  year = {1996},
  pages={158–207}
}

@ARTICLE{1.5.highpass,
  author = {M. Tervaniemi and Kujala, A. and Alho, K. and Virtanen, J. and Ilmoniemi, R.J. and N"a"at"anen, R.},
  title = {Functional specialization of the human auditory cortex in processing phonetic and musical sounds: a Magnetoencephalographic (MEG) study},
  journal = {NeuroImage},
  volume= {9},
  year = {1999},
  pages={330 – 336}
}

@incollection{1.5.information,
  author = {N. Wiener},
  title = {The theory of prediction},
  series = {Modern Mathematics for the Engineer},
  editor = {E.F. Beckmann},
  publisher={McGraw-Hill, New York},
  year = {1956}
}

@ARTICLE{1.5.dSPM,
  author = {A.M. Dale and Liu, A.K. and Fischl, B.R. and Buckner, R.L. and Belliveau, J.W. and Lewine, J.D.},
  title = {Dynamic statistical parametric mapping: combining fMRI and MEG for high-resolution imaging of cortical activity},
  journal = {Neuron.},
  volume= {26},
  number={1},
  year = {2000},
  pages={55–67}
}

@ARTICLE{1.5.MNE,
  author = {M. H"am"al"ainen and Ilmoniemi, R.J.},
  title = {Interpreting magnetic fields of the brain: minimum norm estimates},
  journal = {Med. Biol. Eng. Comput.},
  volume= {32},
  year = {1994},
  pages={35-42}
}

@ARTICLE{1.5.sLORETA,
  author = {R.D. Pascual-Marqui},
  title = {Standardized low-resolution brain electromagnetic tomography (sLORETA): technical details},
  journal = {Methods Find. Exp. Clin. Pharmacol.},
  volume= {24},
  year = {2002},
  pages={5-12},
  notes={Suppl. D}
}

@ARTICLE{1.5.Granger,
  author = {C.W.J. Granger},
  title = {Investigating causal relations by econometric models and cross-spectral methods},
  journal = {Econometrica},
  volume= {37},
  year = {1969},
  pages={424-438}
}

@INBOOK{1.5.SEM,
  author = {F. Darvas and Leahy, R.M.},
  title = {Functional Imaging of Brain Activity and Connectivity with MEG},
  booktitle = {Handbook of Brain Connectivity},
  edition= {1st Edition},
  publisher={Springer, New York},
  year = {1999},
  pages={201-220}
}

@ARTICLE{1.5.DCM,
  author = {O. David and Kiebel, S.J. and Harrison, L.M. and Mattout, J. and Kilner, J.M. and Friston, K.J.},
  title = {Dynamic Causal Modeling of Evoked Responses in EEG and MEG},
  journal = {Neuroimage},
  volume= {3},
  number={4},
  year = {2006},
  pages={1255-1272},
  notes={http://dx.doi.org/10.1016/j.neuroimage.2005.10.045}
}

@ARTICLE{1.5.connectivity,
  author = {V. Sakkalis},
  title = {Review of advanced techniques for the estimation of brain connectivity measured with EEG/MEG},
  journal = {Computers in biology and medicine},
  volume= { 41},
  number={12},
  year = {2011},
  pages={1110–1117},
  notes={doi:10.1016/j.compbiomed.2011.06.020}
}

@ARTICLE{1.5.PDC,
  author = {B. Schelter and Timmer, J. and Eichler, M.},
  title = {Assessing the Strength of Directed Influences Among Neural Signals Using Renormalized Partial Directed Coherence},
  journal = {J Neurosci Methods},
  volume= {179},
  number={1},
  year = {2009},
  pages={121-130},
  notes={http://dx.doi.org/10.1016/j.jneumeth.2009.01.006}
}

@INPROCEEDINGS{1.5.gPDC,
  author = {L.A. Baccala and Takahashi, D.Y. and Sameshima, K.},
  title = {Generalized Partial Directed Coherence},
  booktitle = {Proceedings of the 15th International Conference on Digital Signal Processing},
  adress= {Cardiff},
  publisher={IEEE},
  year = {2007},
  pages={163-166},
  notes={http://dx.doi.org/10.1109/ICDSP.2007.4288544}
}

@ARTICLE{1.5.TEcomparison,
  author = {M. Garofalo and Nieus, T. and Massobrio, P. and Martinoia S.},
  title = {Evaluation of the Performance of Information Theory-Based Methods and Cross-Correlation to Estimate the Functional Connectivity in Cortical Networks},
  journal = {PLoS ONE},
  volume= {4},
  number={8},
  year = {2009},
  notes={http://dx.doi.org/10.1371/journal.pone.0006482}
}

@ARTICLE{1.5.Kriegeskorte,
  author = {Kriegeskorte, N. and Bandettini, P. A.},
  title = {Analyzing for information, not activation, to exploit high-resolution fMRI},
  journal = {NeuroImage},
  volume= {38},
  year = {2007},
  pages={649-662}
}

@ARTICLE{1.5.Beamformer-a,
  author = {B.D. {Van Veen} and Van Drongelen,W. and Yuchtman, M. and Suzuki, A.},
  title = {Localization of brain electrical activity via linearly constrained minimum variance spatial filtering},
  journal = {Biomedical Engineering, IEEE Transactions},
  volume= {44},
  number={9},
  year = {1997},
  pages={867-880}
}

@ARTICLE{1.5.Beamformer-b,
  author = {R.B. Barnes and Hillebrand, A.},
  title = {The use of anatomical constraints with MEG beamformers},
  journal = {Neuroimage},
  volume= {20},
  year = {2003},
  pages={2303-2313}
}

@BOOK{1.5.synchronicity,
  editors = {E.R. Kandel and Schwartz, J.H. and Jessell, T.},
  title = {Principles of Neural Science},
  publisher = {Mcgraw-Hill, New-York},
  edition= {4th},
  year = {2000},
  isbn= {978-0838577011}
}

@ARTICLE{1.5.causality,
  author = {Lizier J.T. and Prokopenko M.},
  title = {Differentiating information transfer and causal effect},
  journal = {Eur. Phys. J. B.},
  volume= {73},
  year = {2010},
  pages= {605-615}
}

@article{1.5.sensitivity,
  Author = {A. Hillebrand and G.R. Barnes},
  Doi = {http://dx.doi.org/10.1006/nimg.2002.1102},
  Issn = {1053-8119},
  Journal = {NeuroImage},
  Keywords = {cortical patch},
  Number = {3, Part A},
  Pages = {638 - 650},
  Title = {A Quantitative Assessment of the Sensitivity of Whole-Head \{MEG\} to Activity in the Adult Human Cortex},
  Url = {http://www.sciencedirect.com/science/article/pii/S105381190291102X},
  Volume = {16},
  Year = {2002},
}

@article{1.5.ecg.a,
  title={A dynamical model for generating synthetic electrocardiogram signals},
  author={McSharry, Patrick E. and Clifford, Gari D. and Tarassenko, Lionel and Smith, Leonard A.},
  journal={{IEEE} Transactions on Biomedical Engineering},
  volume={50},
  number={3},
  pages={289-294},
  year={2003},
  doi={10.1109/TBME.2003.808805},
  url={http://dx.doi.org/10.1109/TBME.2003.808805}
}

@article{1.5.ecg.b,
  title={Power spectrum analysis of heart rate variability in human cardiac transplant recipients.},
  author={Sands, {KE} and Appel, {ML} and Lilly, {LS} and Schoen, {FJ} and Mudge, {GH}},
  journal={Circulation},
  year={1989},
  number={79},
  pages={76-82},
  doi={10.1161/01.CIR.79.1.76},
  url={http://dx.doi.org/10.1161/01.CIR.79.1.76}
}

@book{1.5.magneticProperties,
  title={Introduction to Magnetic Materials, 2nd edition},
  author={Cullity, B. D. and Graham, C. D.},
  year={2008}
}
@PHDTHESIS{2.1,
  author = {M.A. Skeide},
  title = {Syntax and semantics networks in the developing brain. PhD Thesis},
  school = {Max Planck Institute for Human Cognitive and Brain Sciences},
  adress= {Leipzig},
  year = {2012}
}

@ARTICLE{2.3,
  author = {E. Kidd and Brandt, S. and Lieven, E. and Tomasello, M.},
  title = {Object relatives made easy: A cross-linguistic comparison of the constraints influencing young children's processing of relative clauses},
  journal = {Language and Cognitive Processes},
  volume= {22},
  number={6},
  year = {2007},
  pages={860-897},
  notes={DOI: 10.1080/01690960601155284}
}

@ARTICLE{2.3,
  author = {L. Corr\^{e}a},
  title = {An alternative assessment of children’s comprehension of relative clauses},
  journal = {Journal of Psycholinguistic Research},
  volume= {24},
  number={3},
  year = {1995},
  pages={183-203},
  notes={doi:10.1007/BF02145355}
}

@ARTICLE{2.4,
  author = {A. Weighall and Altmann, G.},
  title = {The role of working memory and contextual constraints in children’s processing of relative clauses},
  journal = {Journal of child language},
  volume= {38},
  number={3},
  year = {2011},
  pages={579-605},
  notes={doi:10.1017/s0305000910000267}
}


@article{3.1.animals,
  title={Brain responses to case-marking violations in German preschool children.},
  author={Schipke, Christine S and Friederici, Angela D and Oberecker, Regine},
  journal={Neuroreport},
  volume={22},
  number={16},
  pages={850-854},
  year={2011},
  doi={10.1097/WNR.0b013e32834c1578},
}

@article{3.1.LQ,
  title={The assessment and analysis of handedness: the Edinburgh inventory},
  author={Oldfield, Richard C},
  journal={Neuropsychologia},
  volume={9},
  number={1},
  pages={97-113},
  year={1971},
  publisher={Elsevier}
}

@article{3.2.mprage,
  title={Rapid three-dimensional T1-weighted {MR} imaging with the {MP-RAGE} sequence},
  author={John P. Mugler and James R. Brookeman},
  journal={Journal of Magnetic Resonance Imaging},
  volume={1},
  number={5},
  pages={561-567},
  year={1991},
  doi={10.1002/jmri.1880010509},
}

@article{3.2.space,
  title={Magnetic Resonance Imaging of the Body Trunk Using a {Single-Slab,} {3-Dimensional,} T2-weighted {Turbo-Spin-Echo} Sequence With High Sampling Efficiency {(SPACE)} for High Spatial Resolution Imaging: Initial Clinical Experiences},
  author={Lichy, Matthias Philipp and Wietek, Beate M and Mugler, John P {III} and Horger, Wilhelm and Menzel, Marion Irene and Anastasiadis, Aristotelis and Siegmann, Katja and Niemeyer, Thomas and K\{"}{o}nigsrainer, Arnulf and Kiefer, Berthold and Schick, Fritz and Claussen, Claus D and Schlemmer, {Heinz-Peter}},
  journal={Investigative Radiology},
  volume={40},
  number={12},
  year={2005},
  doi={10.1097/01.rli.0000185880.92346.9e}
}

@article{3.3.nuintensity,
  title={Improvement of brain segmentation accuracy by optimizing non-uniformity correction using N3.},
  author={Zheng, Weili and Chee, Michael and Zagorodnov, Vitali},
  journal={Neuroimage},
  volume={48},
  number={1},
  year={2009},
  doi={10.1016/j.neuroimage.2009.06.039},
}

@article{3.3.MNE,
  title={{MNE} software for processing {MEG} and {EEG} data},
  author={Gramfort, Alexandre and Luessi, Martin and Larson, Eric and Engemann, Denis A and Strohmeier, Daniel and Brodbeck, Christian and Parkkonen, Lauri and H\"am\"al\"ainen, Matti S},
  journal={NeuroImage},
  volume={86},
  year={2013},
  doi={doi:10.1016/j.neuroimage.2013.10.027},
}

@article{3.3.MNEpython,
  title={{MEG} and {EEG} data analysis with {MNE-Python}},
  author={Gramfort, Alexandre and Luessi, Martin and Larson, Eric and Engemann, Denis and Strohmeier, Daniel and Brodbeck, Christian and Goj, Roman and Jas, Mainak and Brooks, Teon and Parkkonen, Lauri and H\"am\"al\"ainen, Matti},
  volume={7},
  journal={Frontiers in Neuroscience},
  year={2013},
  doi={10.3389/fnins.2013.00267},
}

@article{3.3.clustertest,
  title={Nonparametric statistical testing of {EEG-} and {MEG-data}},
  author={Maris, Eric and Oostenveld, Robert},
  journal={Journal of Neuroscience Methods},
  volume={164},
  number={1},
  year={2007},
  doi={10.1016/j.jneumeth.2007.03.024},
}

@article{3.3.levtest,
  title={Levene's test for relative variation},
  author={Schultz, Brian B},
  journal={Systematic Biology},
  volume={34},
  number={4},
  year={1985},
  doi={10.1093/sysbio/34.4.449},
}

@article{3.3.SSS,
  title={Suppression of interference and artifacts by the signal space separation method},
  author={Taulu, Samu and Kajola, Matti and Simola, Juha},
  journal={Brain Topography},
  volume={16},
  number={4},
  year={2004},
  doi={10.1023/B:BRAT.0000032864.93890.f9},
}

@article{3.3.swtest,
  title={An analysis of variance test for normality (complete samples)},
  author={Shapiro, {SS} and Wilk, {MB}},
  volume={52},
  number={3/4},
  journal={Biometrika},
  year={1965}
}

@misc{3.3.TrentoolTutorial,
  title={TRENTOOL 3.3.1 beta – User Documentation},
  author={Wollstadt, P. and Lindner, M. and Vicente, R. and Wibral, M. and Pampu, N. and Martinez-Zarzuela, M.},
  year = {2015},
  howpublished = "\url{https://github.com/trentool/TRENTOOL3/blob/manual/TRENTOOL_doc.pdf}"
}

@article{3.4.TE.a,
  title={Measuring information transfer},
  author={Schreiber},
  journal={Physical review letters},
  volume={85},
  number={2},
  pages={461-464},
  year={2000},
}

@article{3.4.TE.b,
  title={Transfer entropy‒a model-free measure of effective connectivity for the neurosciences.},
  author={Vicente, R. and Wibral, M. and Linder, M. and Pipa, G.},
  year={2011},
  journal={Journal Computational Neuroscience},
  volume={30},
  number={1},
  pages={45-67}
}

@article{3.4.Trentool,
  title={TRENTOOL: a Matlab open source toolbox to analyse information flow in time series data with transfer entropy.},
  author={Lindner, M. and Vicente, R. and Priesemann, V. and Wibral, M.},
  year={2011},
  journal={BMC Neuroscience},
  volume={12},
  pages={119ff}
}

@article{3.4.gpuTE,
  title={Efficient transfer entropy analysis of non-stationary neural time series},
  author={Wollstadt, P and {Mart\'{i}nez-Zarzuela,} M and Vicente, R},
  year={2014},
  doi={10.1371/journal.pone.0102833},
  journal={Plos One},
  volume={9},
  number={7},
}

@article{3.4.binomialtest,
  author = {R., Manolov and Solanas, A.},
  year = {2012},
  title = {Assigning and combining probabilities in single-case studies},
  journal = {Psychological Methods},
  volume = {17},
  pages = {495-509}
}

@misc{3.4.binomialtest.implementation,
  author = {Nelson, Matthew},
  title = {myBinomTest, MATLAB Central File Exchange},
  year = {2015},
  howpublished = "\url{http://www.mathworks.com/matlabcentral/fileexchange/24813-mybinomtest-s-n-p-sided-}"
}

@article{3.4.FDR.a,
  author = {Benjamini, Y. and Hochberg, Y.},
  year = {1995},
  title = {Controlling the false discovery rate: A practical and powerful approach to multiple testing},
  journal = {Journal of the Royal Statistical Society, Series B (Methodological)},
  volume = {57},
  number = {1},
  pages = {289-300}
}

@article{3.4.FDR.b,
  author = {Benjamini, Y. and Yekutieli, D.},
  year = {2001},
  title = {The control of the false discovery rate in multiple testing under dependency},
  journal = {The Annals of Statistics},
  doi = {10.1214/aos/1013699998},
  volume = {29},
  number = {4},
  pages = {1165-1188}
}

@misc{3.4.FDR.implementation,
  author = {Groppe, David},
  title = {{Mass Univariate ERP Toolbox, MATLAB Central File Exchange}},
  year = {2015},
  howpublished = "\url{http://www.mathworks.com/matlabcentral/fileexchange/29274-mass-univariate-erp-toolbox/content/fdr_bh.m}"
}